@inproceedings{canini2009online_sampling_LDA_text_analysis,
  title={Online inference of topics with latent Dirichlet allocation},
  author={Canini, Kevin R and Shi, Lei and Griffiths, Thomas L},
  booktitle={International conference on artificial intelligence and statistics},
  pages={65--72},
  year={2009}
}


@inproceedings{hoffman2010online_variational_bayes_LDA_text_analysis,
  title={Online learning for latent dirichlet allocation},
  author={Hoffman, Matthew and Bach, Francis R and Blei, David M},
  booktitle={advances in neural information processing systems},
  pages={856--864},
  year={2010}
}

% section II has great illustration of why particle filters fail for static parameters.
@inproceedings{andrieu2005line,
  title={On-line parameter estimation in general state-space models},
  author={Andrieu, Christophe and Doucet, Arnaud and Tadic, Vladislav B},
  booktitle={Decision and Control, 2005 and 2005 European Control Conference. CDC-ECC'05. 44th IEEE Conference on},
  pages={332--337},
  year={2005},
  organization={IEEE}
}

%re-run whole history
@article{lee2002particle,
  title={A particle algorithm for sequential Bayesian parameter estimation and model selection},
  author={Lee, Dominic S and Chia, Nicholas KK},
  journal={Signal Processing, IEEE Transactions on},
  volume={50},
  number={2},
  pages={326--336},
  year={2002},
  publisher={IEEE}
}