

  @Manual{R2jags2015,
    title = {R2jags: A Package for Running jags from R},
    author = {Yu-Sung Su and Masanao Yajima,},
    year = {2015},
    note = {R package version 0.05-01},
    url = {http://CRAN.R-project.org/package=R2jags},
  }

@book{Agresti2012 ,
	author= {Agresti, Alan},
	title= {Categorical Data Analysis},
	year= {2012},
	publisher= {John Wiley and Sons},
	address= {Hoboken, New Jersey, US},
}

@article{Albert2009,
  title={Shared-parameter models},
  author={Albert, Paul S and Follmann, Dean A},
  journal={Longitudinal data analysis},
  pages={433--452},
  year={2009}
}

@article{coley2015prostateSurvaillence,
author= {Coley, R Yates and Fisher, Aaron J and  Mamawala, Mufaddal and Carter, H Ballentine and  Pienta, Kenneth J and Zeger, and Scott L},
title={Bayesian Joint Hierarchical Model for Prediction of Latent Health States with Application to Active Surveillance of Prostate Cancer},
year = 2015
}


@article{Ali2007,
	author = {Ali, Khatami and Aus, Gunnar and Jan-Erik, Damber and Hans, Lilja and P\"{a}r, Lodding and Jonas, Hugosson},
	title = {{PSA doubling time predicts the outcome after active surveillance in screening-detected prostate cancer: Results from the European randomized study of screening for prostate cancer, Sweden section}},
	year = {2007},
	journal = {{International Journal of Cancer}},
	volume = {120},
	pages = {170-174},
	}

@inproceedings{Andrieu2005,
  title={On-line parameter estimation in general state-space models},
  author={Andrieu, Christophe and Doucet, Arnaud and Tadic, Vladislav B},
  booktitle={Decision and Control, 2005 and 2005 European Control Conference. CDC-ECC'05. 44th IEEE Conference on},
  pages={332--337},
  year={2005},
  organization={IEEE}
}

@book{ Angrist2009,
	author= {Angrist, Joshua D. and Pischke, J\"{o}rn-Steffen},
	title= {Mostly Harmless Econometrics: An Empiricist's Companion},
	year= {2009},
	publisher= {Princeton University Press},
	}

@article{Ankerst2015,
  title={Precision Medicine in Active Surveillance for Prostate Cancer: Development of the Canary--Early Detection Research Network Active Surveillance Biopsy Risk Calculator},
  author={Ankerst, Donna P and Xia, Jing and Thompson, Ian M and Hoefler, Josef and Newcomb, Lisa F and Brooks, James D and Carroll, Peter R and Ellis, William J and Gleave, Martin E and Lance, Raymond S and others},
  journal={European urology},
  year={2015},
  publisher={Elsevier}
}


@book{Berry1996 ,
	author= {Berry, D. and Stangl, D.},
	title= {Bayesian Biostatistics: 1st Edition},
	year= {1996},
	publisher= {CRC Press},
	}

@book{Bishop2006,
  title={Pattern recognition and machine learning},
  author={Bishop, Christopher M and others},
  volume={4},
  number={4},
  year={2006},
  publisher={springer New York}
}

@book{Carlin2009 ,
	author= {Carlin, Bradley P. and Louis, Thomas A.},
	title= {{Bayesian Methods for Data Analysis}},
	year= {2009},
	publisher= {Chapman and Hall/CRC},
	address= {Boca Raton, Florida},
	}

@inproceedings{Canini2009,
  title={Online inference of topics with latent Dirichlet allocation},
  author={Canini, Kevin R and Shi, Lei and Griffiths, Thomas L},
  booktitle={International conference on artificial intelligence and statistics},
  pages={65--72},
  year={2009}
}


@article{Carter2002,
	author = {Carter, H. Ballentine and Walsh, Patrick C. and Landis, Patricia and Epstein, Jonathan I.},
	title = {Expectant management of non palpable prostate cancer with curative intent: Preliminary results},
	year = {2002},
	journal = {{The Journal of Urology}},
	volume = {267},
	pages = {1231-1234},
	}
	
@article{Carter2007,
	author = {Carter, H.Ballentine and Kettermann, Anna and Warlick, Christopher and Metter, E. Jeffrey and Landis, Patricia and Walsh, Patrick C. and Epstein, Jonathan I.},
	title = {{Expectant management of prostate cancer with curative intent: an update on the Johns Hopkins experience}},
	year = {2007},
	journal = {{Journal of Urology}},
	volume = {178},
	pages = {2359-2364},
	}

		
@article{Cooperberg2010,
	author = {Cooperberg, Matthew R. and Broering, Jeanette M. and Carroll, Peter R.},
	title = {{Time Trends and Local Variation in Primary Treatment of Localized Prostate Cancer}},
	year = {2010},
	journal = {{Journal of Clinical Oncology}},
	volume = {28},
	pages = {1117-1123},
	}


@article{Chou2011a,
	author = {Chou, Roger and Croswell, Jennifer M. and Tracy, Dana and Bougatsos, Christina and Blazina, Ian and Fu, Rongwei and Gleitsmann, Ken and Koenig, Helen C. and Lam, Clarence and Maltz, Ashley and Rugge, J. Bruin and Lin, Kenneth},
	title = {{Screening for prostate cancer: a review of the evidence for the U.S. Preventive Services Task Force}},
	year = {2011},
	journal = {{Annals of Internal Medicine}},
	volume = {155},
	pages = {762-771},
	}

@misc{Chou2011b,
	author = {Chou, Roger and Dana, Tracy  and Bougatsos, Christina and Fu, Rongwei and Blazina, Ian and Gleitsmann, Ken and Rugge, J. Bruin},
	title = {{Treatments for Localized Prostate Cancer: Systematic Review to Update the 2002 U.S. Preventive Services Task Force}},
	year = {2011},
	howpublished= {Evidence Synthesis No. 91. ARHQ Publication No. 12-0516-EF-2. Rockville, MD: Agency for Healthcare Research and Quality},
	}

@article{Cupples1988,
  title={Comparison of baseline and repeated measure covariate techniques in the Framingham Heart Study},
  author={Cupples, L Adrienne and D'Agostino, Ralph B and Anderson, Keaven and Kannel, William B},
  journal={Statistics in medicine},
  volume={7},
  number={1-2},
  pages={205--218},
  year={1988},
  publisher={Wiley Online Library}
}

@article{D'Agostino1990,
  title={Relation of pooled logistic regression to time dependent Cox regression analysis: the Framingham Heart Study},
  author={D'Agostino, Ralph B and Lee, Mei-Ling and Belanger, Albert J and Cupples, L Adrienne and Anderson, Keaven and Kannel, William B},
  journal={Statistics in medicine},
  volume={9},
  number={12},
  pages={1501--1515},
  year={1990},
  publisher={Wiley Online Library}
}


@article{DeGruttola1994,
	author = {DeGruttola, Victor and Tu, Xin Ming},
	title = {{Modelling progression of CD4-lymphocyte count and its relationship to survival time}},
	year = {1994},
	journal = {Biometrics},
	volume = {50},
	pages = {1003-1014},
	}



@book{ DHLZ2002,
	author= {Diggle, Peter J. and Heagerty, Patrick and Liang, Kung-Yee and Zeger, Scott L.},
	title= {The Analysis of Longitudinal Data},
	year= {2002},
	publisher= {Oxford University Press},
	address= {Oxford, England},
	}

@article{Didelez2007,
	author = {Didelez, Vanessa and Sheehan, Nuala},
	title = {Mendelian randomization as an instrumental variable approach to causal inference},
	year = {2007},
	journal = {{Statistical Methods in Medical Research}},
	volume = {16},
	pages = {309-330},
	}

@article{Draisma2006,
  title={Gleason score, age and screening: modeling dedifferentiation in prostate cancer},
  author={Draisma, Gerrit and Postma, Renske and Schr{\"o}der, Fritz H and van der Kwast, Theo H and de Koning, Harry J},
  journal={International journal of cancer},
  volume={119},
  number={10},
  pages={2366--2371},
  year={2006},
  publisher={Wiley Online Library}
}


@article{Epstein1994,
	author = {Epstein, Jonathan I. and Walsh, Patrick C. and Carmichael, Marn\'{e} and Brendler, Charles B.},
	title = {{Pathologic and clinical findings to predict tumor extent of non palpable (stage T1c) prostate cancer}},
	year = {1994},
	journal = {{Journal of the American Medical Association}},
	volume = {271},
	pages = {368-374},
	}


@article{Epstein2012,
  title={Upgrading and downgrading of prostate cancer from biopsy to radical prostatectomy: incidence and predictive factors using the modified Gleason grading system and factoring in tertiary grades},
  author={Epstein, Jonathan I and Feng, Zhaoyong and Trock, Bruce J and Pierorazio, Phillip M},
  journal={European urology},
  volume={61},
  number={5},
  pages={1019--1024},
  year={2012},
  publisher={Elsevier}
}

@article{Follmann1995,
  title={An approximate generalized linear model with random effects for informative missing data},
  author={Follmann, Dean and Wu, Margaret},
  journal={Biometrics},
  pages={151--168},
  year={1995},
  publisher={JSTOR}
}


@article{Frangakis2002,
	author = {Frangakis, Constantine E. and Rubin, Donald B.},
	title = {Principal stratification in causal inference},
	year = {2002},
	journal = {Biometrics},
	volume = {58},
	pages = {21-29},
	}

@article{Geweke1989,
  title={Bayesian inference in econometric models using Monte Carlo integration},
  author={Geweke, John},
  journal={Econometrica: Journal of the Econometric Society},
  pages={1317--1339},
  year={1989},
  publisher={JSTOR}
}
	
@article{Gelfand1990,
	author = {Gelfand, Alan E. and Smith, Adrian F. M.},
	title = {Sampling-based approaches to calculating marginal densities},
	year = {1990},
	journal = {{Journal of the American Statistical Association}},
	volume = {85},
	pages = {398-440},
	}

@article{Gelfand1995,
  title={Efficient parametrisations for normal linear mixed models},
  author={Gelfand, Alan E and Sahu, Sujit K and Carlin, Bradley P},
  journal={Biometrika},
  volume={82},
  number={3},
  pages={479--488},
  year={1995},
  publisher={Biometrika Trust}
}

@book{Gelman2006,
  title={Data analysis using regression and multilevel/hierarchical models},
  author={Gelman, Andrew and Hill, Jennifer},
  year={2006},
  publisher={Cambridge University Press}
}

@book{ Gelman2013,
	author= {Gelman, Andew and Carlin, John B. and Stern, Hal S. and Dunson, David D. and Vehtari, Aki and Rubin, Donald B.},
	title= {{Bayesian Data Analysis}},
	year= {2013},
	publisher= {Chapman and Hall},
	address= {London},
	}	
	
@incollection{Gleason1977,
	author= {Gleason, D.F.},
	title= {{The Veteran's Administration Cooperative Urologic Research Group: Histologic grading and clinical staging of prostatic carcinoma}},
	editor= {Tannenbaum, M.},
	booktitle= {{Urologic Pathology: The Prostate}},
	year= {1977},
	pages= {171-198},
	publisher= {Lea and Febiger},
	address= {Philadelphia},
	}
	
@article{Gleason1992,
  title={Histologic grading of prostate cancer: a perspective},
  author={Gleason, Donald F},
  journal={Human pathology},
  volume={23},
  number={3},
  pages={273--279},
  year={1992},
  publisher={Elsevier}
}


@article{Glymour2012,
	author = {Glymour, M. Maria and Tchetgen Tchetgen, Eric J. and Robins, James M.},
	title = {Credible Mendelian Randomization Studies: Approaches for Evaluating Instrumental Variables Assumptions},
	year = {2012},
	journal = {{American Journal of Epidemiology}},
	volume = {175},
	pages = {332-339},
	}
	
	
@article{Greenland2000,
	author = {Greenland, Sander},
	title = {An introduction to instrumental variables for epidemiologists},
	year = {2000},
	journal = {{International Journal of Epidemiology}},
	volume = {29},
	pages = {722-729},
	}

@article{Hayden2009,
  title={Personalized cancer therapy gets closer},
  author={Hayden, Erika Check},
  journal={Nature News},
  volume={458},
  number={7235},
  pages={131--132},
  year={2009},
  publisher={Nature Publishing Group}
}


@article{Henderson2000,
  title={Joint modelling of longitudinal measurements and event time data},
  author={Henderson, Robin and Diggle, Peter and Dobson, Angela},
  journal={Biostatistics},
  volume={1},
  number={4},
  pages={465--480},
  year={2000},
  publisher={Biometrika Trust}
}


@article{Hernan2006,
	author = {Hern\'{a}n, Miguel A. and Robins, James M.},
	title = {Instruments for Causal Inference: An Epidemiologist's Dream?},
	year = {2006},
	journal = {Epidemiology},
	volume = {`7},
	pages = {360-372},
	}

@inproceedings{Hoffman2010,
  title={Online learning for latent dirichlet allocation},
  author={Hoffman, Matthew and Bach, Francis R and Blei, David M},
  booktitle={Advances in neural information processing systems},
  pages={856--864},
  year={2010}
}

@book{Hosmer2013,
  title={Applied logistic regression},
  author={Hosmer Jr, David W and Lemeshow, Stanley and Sturdivant, Rodney X},
  volume={398},
  year={2013},
  publisher={John Wiley \& Sons}
}


@book{Ibrahim2010,
	author= {Ibrahim, Joseph G. and Chen, Ming-Hui and Debajyoti, Sinha},
	title= {Bayesian Survival Analysis},
	year= {2010},
	publisher= {Springer},
	address= {New York},
	}


@article{Inoue2008,
	author = {Inoue, Lurdes Y.R. and Etzioni, Ruth and Morrell, Christopher, and M\'{u}ller, Peter},
	title = {Modeling Disease Progression with Longitudinal Markers},
	year = {2008},
	journal = {{Journal of the American Statistical Association}},
	volume = {103},
	pages = {259-270},
	}


@article{Inoue2014,
	author = {Inoue, Lurdes Y.T. and Trock, Bruce J. and Partin, Alan W. and Carter, Herbert B. and Etzioni, Ruth},
	title = {Modeling grade progression in an active surveillance study},
	year = {2014},
	journal = {{Statistics in Medicine}},
	volume = {33},
	pages = {930-939},
	}


@inproceedings{IOM2012,
  title={IOM Roundtable on Value and Science-Driven Health Care},
  author={Goolsby, WA and Olsen, L and McGinnis, M},
  booktitle={Clinical data as the basic staple of health learning: creating and protecting a public good: workshop summary},
  pages={134--140},
  year = {2012},
}


@article{Jacmin2010,
  title={Score test for conditional independence between longitudinal outcome and time to event given the classes in the joint latent class model},
  author={Jacqmin-Gadda, H{\'e}l{\`e}ne and Proust-Lima, C{\'e}cile and Taylor, Jeremy MG and Commenges, Daniel},
  journal={Biometrics},
  volume={66},
  number={1},
  pages={11--19},
  year={2010},
  publisher={Wiley Online Library}
}

@article{Kantas2014,
  title={On particle methods for parameter estimation in state-space models},
  author={Kantas, Nikolas and Doucet, Arnaud and Singh, Sumeetpal S and Maciejowski, Jan M and Chopin, Nicolas},
  journal={arXiv preprint arXiv:1412.8695},
  year={2014}
}

@article{Kass2006,
  title={A default conjugate prior for variance components in generalized linear mixed models (comment on article by Browne and Draper)},
  author={Kass, Robert E and Natarajan, Ranjini and others},
  journal={Bayesian Analysis},
  volume={1},
  number={3},
  pages={535--542},
  year={2006},
  publisher={International Society for Bayesian Analysis}
}


@article{Khatami2007,
  title={PSA doubling time predicts the outcome after active surveillance in screening-detected prostate cancer: Results from the European randomized study of screening for prostate cancer, Sweden section},
  author={Khatami, Ali and Jan-Erik, Damber and Hans, Lilja and P{\"a}r, Lodding and Jonas, Hugosson},
  journal={International journal of cancer},
  volume={120},
  number={1},
  pages={170--174},
  year={2007},
  publisher={Wiley Online Library}
}

@article{Kitagawa1998,
  title={A self-organizing state-space model},
  author={Kitagawa, Genshiro},
  journal={Journal of the American Statistical Association},
  pages={1203--1215},
  year={1998},
  publisher={JSTOR}
}

@article{Klotz2010,
	author = {Klotz, L and Zhang, L. and Lam, A. and et al.},
	title = {Clinical results of long-term follow-up of a large, active surveillance cohort with localized prostate cancer},
	year = {2010},
	journal = {{Journal of Clinical Oncology}},
	volume = {2010},
	pages = {126-131},
	}


@book{KP2002,
	author= {Kalbfleisch, John D. and Prentice, Ross L.},
	title= {{The Statistical Analysis of Failure Time Data}},
	year= {2002},
	publisher= {{John Wiley and Sons, Inc.}},
	address= {{Hoboken, New Jersey}},
}

@article{Kvale2008,
	author = {Kv\r{a}le, Rune and M\o ller, Bj\o rn and Wahlqvist, Rolf and Foss\r{a}, Sophie and Berner, Aasmund and Busch, Christer and Kyrdalen, Anne E. and Svindland, Aud and Viset, Trond and Halvorsen, Ole J.},
	title = {{Concordance between Gleasson scores of needle biopsies and radical prostatectomy specimens: A population-based study}},
	year = {2008},
	journal = {{BJU International}},
	volume = {103},
	pages = {1647-1654},
	}

@article{Laird1982,
  title={Random-effects models for longitudinal data},
  author={Laird, Nan M and Ware, James H},
  journal={Biometrics},
  pages={963--974},
  year={1982},
  publisher={JSTOR}
}

@article{Lavieri2012,
  title={When to treat prostate cancer patients based on their PSA dynamics},
  author={Lavieri, Mariel S and Puterman, Martin L and Tyldesley, Scott and Morris, William J},
  journal={IIE Transactions on Healthcare Systems Engineering},
  volume={2},
  number={1},
  pages={62--77},
  year={2012},
  publisher={Taylor \& Francis}
}

@article{Lee2002,
  title={A particle algorithm for sequential Bayesian parameter estimation and model selection},
  author={Lee, Dominic S and Chia, Nicholas KK},
  journal={Signal Processing, IEEE Transactions on},
  volume={50},
  number={2},
  pages={326--336},
  year={2002},
  publisher={IEEE}
}

@article{Lin2002,
  title={Latent class models for joint analysis of longitudinal biomarker and event process data: application to longitudinal prostate-specific antigen readings and prostate cancer},
  author={Lin, Haiqun and Turnbull, Bruce W and McCulloch, Charles E and Slate, Elizabeth H},
  journal={Journal of the American Statistical Association},
  volume={97},
  number={457},
  pages={53--65},
  year={2002},
  publisher={Taylor \& Francis}
}

@book{Little2014,
  title={Statistical analysis with missing data},
  author={Little, Roderick JA and Rubin, Donald B},
  year={2014},
  publisher={John Wiley \& Sons}
}

@article{McGeachie2009,
  title={Integrative predictive model of coronary artery calcification in atherosclerosis},
  author={McGeachie, Michael and Ramoni, Rachel L Badovinac and Mychaleckyj, Josyf C and Furie, Karen L and Dreyfuss, Jonathan M and Liu, Yongmei and Herrington, David and Guo, Xiuqing and Lima, Jo{\~a}o A and Post, Wendy and others},
  journal={Circulation},
  volume={120},
  number={24},
  pages={2448--2454},
  year={2009},
  publisher={Am Heart Assoc}
}


@article{Morrell2012,
  title={Screening for prostate cancer using multivariate mixed-effects models},
  author={Morrell, Christopher H and Brant, Larry J and Sheng, Shan and Metter, E Jeffrey},
  journal={Journal of applied statistics},
  volume={39},
  number={6},
  pages={1151--1175},
  year={2012},
  publisher={Taylor \& Francis}
}


@article{Moyer2012,
	author = {Moyer, Virginia A. and on behalf of the U.S. Preventive Services Task Force},
	title = {{Screening for Prostate Cancer: U.S. Preventive Services Task Force Recommendation Statement}},
	year = {2012},
	journal = {{Annals of Internal Medicine}},
	volume = {157},
	pages = {120-134},
	}


@article{Neal2003,
	author = {Neal, Radford M.},
	title = {Slice sampling},
	year = {2003},
	journal = {Annals of statistics},
	volume = {31},
	pages = {705-741},
	}


@article{Palmer2011,
	author = {Palmer, Tom M. and Sterne, Jonathan A. C. and Harbord, Roger M. and Lawlor, Debbie A. and Sheehan, Nuala A. and Meng, Sha and Granell, Raquel and Smith, George Davey and Didelez, Vanessa},
	title = {Instrumental Variable Estimation of Causal Risk Ratios and Causal Odds Ratios in Mendelian Randomization Analysis},
	year = {2011},
	journal = {{American Journal of Epidemiology}},
	volume = {173},
	pages = {1392-1403},
	}

@article{Pashayan2011,
  title={PSA-detected prostate cancer and the potential for dedifferentiation?estimating the proportion capable of progression},
  author={Pashayan, Nora and Pharoah, Paul and Neal, David E and Hamdy, Freddie and Donovan, Jenny and Martin, Richard M and Greenberg, David and Duffy, Stephen W},
  journal={International Journal of Cancer},
  volume={128},
  number={6},
  pages={1462--1470},
  year={2011},
  publisher={Wiley Online Library}
}


@misc{PCORI2013,
	author= {{PCORI (Patient-Centered Outcomes Research Institute) Methodology Committee}},
	title = {{The PCORI Methodology Report}},
	year= {2013},
	howpublished = {\url{pcori.org/research-we-support/research-meth0d0logy-standards}},
	}


@book{Pearl2009,
	author= {Pearl, Judea},
	title= {{Causality: Models, Reasoning, and Inference}},
	year= {2009},
	publisher= {Cambridge University Press},
	}

@article{Polson2008,
  title={Practical filtering with sequential parameter learning},
  author={Polson, Nicholas G and Stroud, Jonathan R and M{\"u}ller, Peter},
  journal={Journal of the Royal Statistical Society: Series B (Statistical Methodology)},
  volume={70},
  number={2},
  pages={413--428},
  year={2008},
  publisher={Wiley Online Library}
}

@article{Porten2011,
  title={Changes in prostate cancer grade on serial biopsy in men undergoing active surveillance},
  author={Porten, Sima P and Whitson, Jared M and Cowan, Janet E and Cooperberg, Matthew R and Shinohara, Katsuto and Perez, Nannette and Greene, Kirsten L and Meng, Maxwell V and Carroll, Peter R},
  journal={Journal of Clinical Oncology},
  volume={29},
  number={20},
  pages={2795--2800},
  year={2011},
  publisher={American Society of Clinical Oncology}
}

@article{Proust2009,
  title={Development and validation of a dynamic prognostic tool for prostate cancer recurrence using repeated measures of posttreatment PSA: a joint modeling approach},
  author={Proust-Lima, C{\'e}cile and Taylor, Jeremy MG},
  journal={Biostatistics},
  volume={10},
  number={3},
  pages={535--549},
  year={2009},
  publisher={Biometrika Trust}
}


@incollection{Robins1993,
	author= {Robins, James M.},
	title= {Analytic methods for estimating {HIV} treatment and cofactor effects},
	editor= {Ostrow, D.G. and Kessler, R.},
	booktitle= {{Methodological Issues of AIDS Mental Health Research}},
	year= {1993},
	pages= {213-290},
	publisher= {Plenum Publishing},
	address= {New York},
	}

@article{Robins1994,
	author = {Robins, James M.},
	title = {Correcting for non-compliance in randomized trials using structural nested mean models},
	year = {1994},
	journal = {{Communications in Statistics}},
	volume = {23},
	pages = {2379-2412},
	}


@article{Robins2000,
	author = {Robins, James M. and Hern\`{a}n, Miguel \`{A}ngel and Brumback, Babette},
	title = {Marginal structural models and causal inference in epidemiology },
	year = {2000},
	journal = {Epidemology},
	volume = {11},
	pages = {550-560},
	}

@inproceedings{Robins2003,
	author= {Robins, James M.},
	title= {Optimal structured nested models for optimal sequential decisions},
	editor= {Lin, D.Y. and Heagerty, P.},
	booktitle= {{Proceedings of the Second Seattle Symposium on Biostatistics}},
	year= {2003},
	publisher= {Springer},
	address= {New York},
	}


@article{Robins2004,
	author = {Robins, James M. and Rotnitzky, Andrea},
	title = {Estimation of treatment effects in randomised trials with non-compliance and a dichotomous outcome using structural mean models},
	year = {2004},
	journal = {Biometrika},
	volume = {91},
	pages = {763-783},
	}

@article{Roy2003,
  title={Modeling longitudinal data with nonignorable dropouts using a latent dropout class model},
  author={Roy, Jason},
  journal={Biometrics},
  volume={59},
  number={4},
  pages={829--836},
  year={2003},
  publisher={Wiley Online Library}
}

@article{Roy2007,
  title={Latent class models and their application to missing-data patterns in longitudinal studies},
  author={Roy, Jason},
  journal={Statistical methods in medical research},
  year={2007},
  publisher={SAGE Publications}
}

@article{Saini2014,
  title={Smarter screening for cancer: possibilities and challenges of personalization},
  author={Saini, Sameer D and van Hees, Frank and Vijan, Sandeep},
  journal={JAMA},
  volume={312},
  number={21},
  pages={2211--2212},
  year={2014},
  publisher={American Medical Association}
}

@article{Saria2015,
  title={Subtyping: What It is and Its Role in Precision Medicine},
  author={Saria, Suchi and Goldenberg, Anna},
  journal={Intelligent Systems, IEEE},
  volume={30},
  number={4},
  pages={70--75},
  year={2015},
  publisher={IEEE}
}


@article{Schluchter1992,
  title={Methods for the analysis of informatively censored longitudinal data},
  author={Schluchter, Mark D},
  journal={Statistics in medicine},
  volume={11},
  number={14-15},
  pages={1861--1870},
  year={1992},
  publisher={Wiley Online Library}
}


@misc{SEER2014,
	author = {Howlander, N. and Noone, A.M. and Krapcho, M. and Garshell, J. and Miller, D. and Altekruse, S.F. and Kosary, C.L. and Yu, M. and Ruhl, J. and Tatalovich, Z. and Mariotta, A. and Lewis, D.R. and Chen, H.S. and Feuer, E.J. and Cronin, K.A. (eds.)},
	title = {{SEER Cancer Statistics Review, 1975-2011}},
	year = {2014},
	howpublished= {National Cancer Institute, Bethesda, MD, \url{http://seer.cancer.gov/csr/1975_2011/}},
	note = {based on November 2013 SEER data submission, posted to the SEER web site, April 2014},
	}

@article{Sene2014,
  title={Shared random-effect models for the joint analysis of longitudinal and time-to-event data: application to the prediction of prostate cancer recurrence},
  author={S{\`e}ne, Mb{\'e}ry and Bellera, Carine A and Proust-Lima, C{\'e}cile},
  journal={Journal de la Soci{\'e}t{\'e} Fran{\c{c}}aise de Statistique},
  volume={155},
  number={1},
  pages={134--155},
  year={2014}
}

@article{Sene2014b,
  title={Individualized dynamic prediction of prostate cancer recurrence with and without the initiation of a second treatment: Development and validation},
  author={S{\`e}ne, Mb{\'e}ry and Taylor, Jeremy MG and Dignam, James J and Jacqmin-Gadda, H{\'e}l{\`e}ne and Proust-Lima, C{\'e}cile},
  journal={Statistical methods in medical research},
  pages={0962280214535763},
  year={2014},
  publisher={SAGE Publications}
}

@article{Serrat2015,
  title={Frequentist and Bayesian approaches for a joint model for prostate cancer risk and longitudinal prostate-specific antigen data},
  author={Serrat, Carles and Ru{\'e}, Montserrat and Armero, Carmen and Piulachs, Xavier and Perpi{\~n}{\'a}n, H{\`e}ctor and Forte, Anabel and P{\'a}ez, {\'A}lvaro and G{\'o}mez, Guadalupe},
  journal={Journal of Applied Statistics},
  number={ahead-of-print},
  pages={1--23},
  year={2015},
  publisher={Taylor \& Francis}
}


@article{Sheehan2008,
	author = {Sheehan, Nuala A. and Didelez, Vanessa and Burton, Paul R. and Tobin, Martin D.},
	title = {Mendelian Randomisation and Causal Inference in Observational Epidemiology},
	year = {2008},
	journal = {PLoS Med},
	volume = {5},
	pages = {e177},
	}

@book{Smith2013,
  title={Best care at lower cost: the path to continuously learning health care in America},
  author={Smith, Mark and Saunders, Robert and Stuckhardt, Leigh and McGinnis, J Michael and others},
  year={2013},
  publisher={National Academies Press}
}


@article{Soloway2008,
	author = {Soloway, Mark S. and Soloway, Cynthia T. and Williams, Steve and Ayyathurai, Ranjinkanth and Kava, Bruce and Manoharan, Murugesan},
	title = {{Active surveillance; A reasonable management alternative for patients with prostate cancer: The Miami experience}},
	year = {2008},
	journal = {{BJU} International},
	volume = {101},
	pages = {165-169},
	}



@article{Tanner1987,
	author = {Tanner, Martin A. and Wong, Wing Hung},
	title = {The calculation of posterior distributions by data augmentation},
	year = {1987},
	journal = {{Journal of the American Statistical Assocation}},
	volume = {82},
	pages = {528-540},
	}

@article{Taylor2013,
  title={Real-time individual predictions of prostate cancer recurrence using joint models},
  author={Taylor, Jeremy MG and Park, Yongseok and Ankerst, Donna P and Proust-Lima, Cecile and Williams, Scott and Kestin, Larry and Bae, Kyoungwha and Pickles, Tom and Sandler, Howard},
  journal={Biometrics},
  volume={69},
  number={1},
  pages={206--213},
  year={2013},
  publisher={Wiley Online Library}
}


@article{Tosoian2011,
  title={Active surveillance program for prostate cancer: an update of the Johns Hopkins experience},
  author={Tosoian, Jeffrey J and Trock, Bruce J and Landis, Patricia and Feng, Zhaoyong and Epstein, Jonathan I and Partin, Alan W and Walsh, Patrick C and Carter, H Ballentine},
  journal={Journal of Clinical Oncology},
  volume={29},
  number={16},
  pages={2185--2190},
  year={2011},
  publisher={American Society of Clinical Oncology}
}



@article{Tosoian2015,
	author = {Tosoian, Jeffrey J. and Mamawala, Mufaddal and Epstein, Jonathan and Landis, Patricia and Wolf, Sacha and Tock, Bruce J. and Cater, H. Ballentine},
	title = {Immediate and Longer Term Outcomes for a Prospective Active Surveillance Program for Favorable-Risk Prostate Cancer},
	year = {2015},
	journal = {{Journal of Clinical Oncology}},
	volume = {},
	pages = {To appear},
	}
	
@article{Tseng2010,
  title={Risk stratification of men choosing surveillance for low risk prostate cancer},
  author={Tseng, Kenneth S and Landis, Patricia and Epstein, Jonathan I and Trock, Bruce J and Carter, H Ballentine},
  journal={The Journal of urology},
  volume={183},
  number={5},
  pages={1779--1785},
  year={2010},
  publisher={Elsevier}
}

@article{vanAs2008,
	author = {van As, Nicholas J. and Norman, Andrew R. and Thomas, Karen and Khoo, Vincent S. and Thompson, Alan and Huddart, Robert A. and Horwich, Alan and Dearnaley, David P. and Parker, Christopher C.},
	title = {Predicting the probability of deferred radical treatment for localised prostate cancer managed by active surveillance},
	year = {2008},
	journal = {{European Urology}},
	volume = {54},
	pages = {1297-1305},
	}


@article{vandenBergh2009,
	author = {van den Bergh, Roderick C. N. and Roemeling, Stijn and Roobol, Monique J. and Aus, Gunner and Hugosson, Jonas and Rannikko, Antti S. and Tammela, Teuvo L. and Bangma, Chris H. and Schr\"{o}der},
	title = {Outcomes of men with screen-detected prostate cancer eligible for active surveillance who were managed expectantly},
	year = {2009},
	journal = {{European Urology}},
	volume = {55},
	pages = {1-8},
	}


@book{vanderLaan2002,
	author= {van der Laan, Mark J. and Robins, James M.},
	title= {Unified Methods for Censored Longitudinal Data and Causality},
	year= {2002},
	publisher= {Springer},
	address= {New York},
	}


@misc{vanderLaan2004a,
	author = {van der Laan, Mark J. and Hubbard, A. and Jewell, Nicholas},
	title = {Estimation of treatment effects in randomized trials with non-compliance and a dichotomous outcome},
	year = {2004},
	howpublished = {U.C. Berkeley Division of Biostatistics Working Paper Series, Working Paper 157},
	}
	

@misc{vanderLaan2004b,
	author = {van der Laan, Mark J. and Petersen, Maya L.},
	title = {Estimation of Direct and Indirect Causal Effects in Longitudinal Studies},
	year = {2004},
	howpublished= {U.C. Berkeley Division of Biostatistics Working Paper Series. Working Paper 155},
	}


@article{vanderLaan2007,
	author = {van der Laan, Mark J. and Petersen, Maya L.},
	title = {Causal Effect Models for Realistic Individualized Treatment and Intention to Treat Rules},
	year = {2007},
	journal = {{International Journal of Biostatistics}},
	volume = {3},
	}


@article{Vansteelandt2003,
	author = {Vansteelandt, Stijn and Goetghebeur, Els},
	title = {Causal inference with generalized structural mean models},
	year = {2003},
	journal = {{Journal of the Royal Statistical Society- Series B}},
	volume = {65},
	pages = {817-835},
	}


@article{Vansteelandt2011,
	author = {Vansteelandt, Stijn and Bowden, Jack and Babanezhad, Manoochehr and Goetghebeur, Els},
	title = {On Instrumental Variables Estimation of Causal Odds Ratios},
	year = {2011},
	journal = {{Statistical Science}},
	volume = {26},
	pages = {403-422},
	}


@article{Weinburg2007,
	author = {Weinburg, Clarice R.},
	title = {{Can DAGs clarify effect modification?}},
	year = {2007},
	journal = {Epidemiology},
	volume = {18},
	pages = {569-572},
	}

@article{Welch2009,
	author = {Welch, H. Gilbert and Albertsen, Peter C.},
	title = {Prostate Cancer Diagnosis and Treatment After the Introduction of Prostate-Specific Antigen Screening: 1986-2005},
	year = {2009},
	journal = {{Journal of the National Cancer Institute}},
	volume = {101},
	pages = {1325-1329},
	}

@article{Wu1988,
  title={Estimation and comparison of changes in the presence of informative right censoring by modeling the censoring process},
  author={Wu, Margaret C and Carroll, Raymond J},
  journal={Biometrics},
  pages={175--188},
  year={1988},
  publisher={JSTOR}
}

@article{Wu2015,
  title={Partially latent class models for case--control studies of childhood pneumonia aetiology},
  author={Wu, Zhenke and Deloria-Knoll, Maria and Hammitt, Laura L and Zeger, Scott L},
  journal={Journal of the Royal Statistical Society: Series C (Applied Statistics)},
  year={2015},
  publisher={Wiley Online Library}
}







%%%%%%%%%%%%%%%%%%%%%%%%%%%%%%%%%%%%%%%%%%%%%
%%%%%%%%%%%%%%%%%%%%%%%%%%%%%%%%%%%%%%%%%%%%%
%%%%%%%%%%%%%%%%%%%%%%%%%%%%%%%%%%%%%%%%%%%%%
%%%%%%%%%%%%%%%%%%%%%%%%%%%%%%%%%%%%%%%%%%%%%
%%%%%%%%%%%%%%%%%%%%%%%%%%%%%%%%%%%%%%%%%%%%%

% Citations below are primarily related to fast updates









@inproceedings{canini2009online_sampling_LDA_text_analysis,
  title={Online inference of topics with latent Dirichlet allocation},
  author={Canini, Kevin R and Shi, Lei and Griffiths, Thomas L},
  booktitle={International conference on artificial intelligence and statistics},
  pages={65--72},
  year={2009}
}


@inproceedings{hoffman2010online_variational_bayes_LDA_text_analysis,
  title={Online learning for latent dirichlet allocation},
  author={Hoffman, Matthew and Bach, Francis R and Blei, David M},
  booktitle={advances in neural information processing systems},
  pages={856--864},
  year={2010}
}

%recent literature review on online methods
@article{kantas2014particle,
  title={On particle methods for parameter estimation in state-space models},
  author={Kantas, Nikolas and Doucet, Arnaud and Singh, Sumeetpal S and Maciejowski, Jan M and Chopin, Nicolas},
  journal={arXiv preprint arXiv:1412.8695},
  year={2014}
}

% section II has great illustration of why particle filters fail for static parameters.
@inproceedings{andrieu2005line,
  title={On-line parameter estimation in general state-space models},
  author={Andrieu, Christophe and Doucet, Arnaud and Tadic, Vladislav B},
  booktitle={Decision and Control, 2005 and 2005 European Control Conference. CDC-ECC'05. 44th IEEE Conference on},
  pages={332--337},
  year={2005},
  organization={IEEE}
}

%re-run whole history
@article{lee2002particle,
  title={A particle algorithm for sequential Bayesian parameter estimation and model selection},
  author={Lee, Dominic S and Chia, Nicholas KK},
  journal={Signal Processing, IEEE Transactions on},
  volume={50},
  number={2},
  pages={326--336},
  year={2002},
  publisher={IEEE}
}

%General textbook
@book{bishop2006pattern,
  title={Pattern recognition and machine learning},
  author={Bishop, Christopher M and others},
  volume={4},
  number={4},
  year={2006},
  publisher={springer New York}
}


%%%%%%%%%%%%
%Alternatives to standard particle filters

%augmenting the state space
@article{kitagawa1998self,
  title={A self-organizing state-space model},
  author={Kitagawa, Genshiro},
  journal={Journal of the American Statistical Association},
  pages={1203--1215},
  year={1998},
  publisher={JSTOR}
}
%Fixed lag
@article{polson2008practical,
  title={Practical filtering with sequential parameter learning},
  author={Polson, Nicholas G and Stroud, Jonathan R and M{\"u}ller, Peter},
  journal={Journal of the Royal Statistical Society: Series B (Statistical Methodology)},
  volume={70},
  number={2},
  pages={413--428},
  year={2008},
  publisher={Wiley Online Library}
}



@book{ ,
	author= {},
	title= {},
	year= {},
	publisher= {},
	}

@incollection{,
	author = {},
	title = {},
	year = {},
	booktitle = {},
	publisher = {},
	pages = {},
	}


@article{,
	author = {},
	title = {},
	year = {},
	journal = {},
	volume = {},
	pages = {},
	}

