@inproceedings{canini2009online_sampling_LDA_text_analysis,
  title={Online inference of topics with latent Dirichlet allocation},
  author={Canini, Kevin R and Shi, Lei and Griffiths, Thomas L},
  booktitle={International conference on artificial intelligence and statistics},
  pages={65--72},
  year={2009}
}


@inproceedings{hoffman2010online_variational_bayes_LDA_text_analysis,
  title={Online learning for latent dirichlet allocation},
  author={Hoffman, Matthew and Bach, Francis R and Blei, David M},
  booktitle={advances in neural information processing systems},
  pages={856--864},
  year={2010}
}

%recent literature review on online methods
@article{kantas2014particle,
  title={On particle methods for parameter estimation in state-space models},
  author={Kantas, Nikolas and Doucet, Arnaud and Singh, Sumeetpal S and Maciejowski, Jan M and Chopin, Nicolas},
  journal={arXiv preprint arXiv:1412.8695},
  year={2014}
}

% section II has great illustration of why particle filters fail for static parameters.
@inproceedings{andrieu2005line,
  title={On-line parameter estimation in general state-space models},
  author={Andrieu, Christophe and Doucet, Arnaud and Tadic, Vladislav B},
  booktitle={Decision and Control, 2005 and 2005 European Control Conference. CDC-ECC'05. 44th IEEE Conference on},
  pages={332--337},
  year={2005},
  organization={IEEE}
}

%re-run whole history
@article{lee2002particle,
  title={A particle algorithm for sequential Bayesian parameter estimation and model selection},
  author={Lee, Dominic S and Chia, Nicholas KK},
  journal={Signal Processing, IEEE Transactions on},
  volume={50},
  number={2},
  pages={326--336},
  year={2002},
  publisher={IEEE}
}

%General textbook
@book{bishop2006pattern,
  title={Pattern recognition and machine learning},
  author={Bishop, Christopher M and others},
  volume={4},
  number={4},
  year={2006},
  publisher={springer New York}
}


%%%%%%%%%%%%
%Alternatives to standard particle filters

%augmenting the state space
@article{kitagawa1998self,
  title={A self-organizing state-space model},
  author={Kitagawa, Genshiro},
  journal={Journal of the American Statistical Association},
  pages={1203--1215},
  year={1998},
  publisher={JSTOR}
}
%Fixed lag
@article{polson2008practical,
  title={Practical filtering with sequential parameter learning},
  author={Polson, Nicholas G and Stroud, Jonathan R and M{\"u}ller, Peter},
  journal={Journal of the Royal Statistical Society: Series B (Statistical Methodology)},
  volume={70},
  number={2},
  pages={413--428},
  year={2008},
  publisher={Wiley Online Library}
}

